
@book{CleanArquitecture,
  author    = {Martin, R.C.},
  edition   = {},
  isbn      = {0134494326, 9780134494326},
  publisher = {Pearson Education},
  series    = {Robert C. Martin Series},
  title     = {Clean Architecture: A Craftsman's Guide to Software Structure and Design},
  url       = {http://gen.lib.rus.ec/book/index.php?md5=4443ee15eeb31720fcd1324d5652ede7},
  volume    = {},
  year      = {2017}
}

@misc{ComparacionFrameworks,
  publisher = {npmtrends},
  title     = {Frameworks/ Grafico de comparaci√≥n entre frameworks},
  url       = {https://www.npmtrends.com/angular-vs-react-vs-vue}
}

@online{EchartsDecision,
  author       = {Clement Ho},
  date         = {Sep 30, 2019},
  organization = {Gitlab},
  title        = {Why we chose echarts},
  url          = {https://about.gitlab.com/blog/2019/09/30/why-we-chose-echarts/}
}

@online{FastifyCoreFeatures,
  author       = {Fastify},
  date         = {},
  organization = {Fastify},
  title        = {Fastify core features},
  url          = {https://www.fastify.io/#:~:text=featured%20here%3F-,Core%20features,-These%20are%20the}
}

@online{HistoryFlowVisualizations,
  author       = {Martin W, Fernanda B, Kushal D},
  date         = {2004},
  organization = {IBM},
  title        = {Studying Cooperation and Conflict between Authors
                  with history flow Visualizations},
  url          = {http://alumni.media.mit.edu/~fviegas/papers/history_flow.pdf}
}


@online{MaterialDesignPrinciples,
  organization = {Google},
  title        = {Material Design Principles},
  url          = {https://material.io/design/introduction#principles}
}

@online{MobileFirst,
  author       = {Mozilla},
  date         = {2022},
  organization = {Mozilla},
  title        = {Mobile first},
  url          = {https://developer.mozilla.org/en-US/docs/Web/Progressive_web_apps/Responsive/Mobile_first}
}

@book{NoauthorSoftwareNoDate,
  title = {Software Engineering for Modern Web Applications: Methodologies and Technologies},
  url   = {http://library.lol/main/6C9F1C7D56DBC94204163A0E836518C1}
}

@online{OperaSVGCanvas,
  author       = {Sucan, Mihai},
  date         = {2010},
  organization = {Opera Software},
  title        = {SVG or Canvas, choosing between the two},
  url          = {https://dev.opera.com/articles/svg-or-canvas-choose/}
}

@online{pear_text_diff,
  author       = {Pear},
  date         = {},
  organization = {Pear},
  title        = {Pear library Text_Diff},
  url          = {https://pear.php.net/package/Text_Diff}
}

@online{RADJamesMartin,
  author       = {Martin, James},
  date         = {1991},
  organization = {IBM},
  title        = {Rapid Application Development},
  url          = {https://archive.org/details/rapidapplication00mart}
}

@misc{SEO,
  author       = {Google},
  howpublished = {Internet},
  title        = {Guia de SEO de google},
  url          = {https://developers.google.com/search/docs/beginner/seo-starter-guide#glossary},
  year         = {2021}
}

@misc{Typescript,
  publisher = {Digital Ocean},
  title     = {Typescript Advantages},
  url       = {https://www.digitalocean.com/community/tutorials/typescript-typescript-benefits}
}

@online{UserClarityfiend,
  author       = {Wikipedia},
  date         = {},
  organization = {Wikipedia},
  title        = {Lista de contribuciones del usuario Clarityfiend},
  url          = {https://en.wikipedia.org/wiki/Special:Contributions/Clarityfiend}
}

@online{UXFactors,
  author       = {Petter, Morville},
  date         = {2004},
  organization = {Semantic Studios},
  title        = {UX Factors},
  url          = {http://semanticstudios.com/user_experience_design/}
}

@online{WhatIsWiki,
  author       = {Cunningham, Ward},
  date         = {2002},
  organization = {Media Wiki},
  title        = {What is Wiki},
  url          = {https://web.archive.org/web/20080416212802/http://www.wiki.org/wiki.cgi?WhatIsWiki}
}

@online{WikidataSparql,
  author       = {Wikidata},
  date         = {},
  organization = {Wikidata},
  title        = {Wikidata Sparql},
  url          = {https://www.wikidata.org/wiki/Wikidata:SPARQL_tutorial}
}

@online{WikiStats,
  author       = {WikiStats},
  date         = {},
  organization = {WikiStats},
  title        = {Wikipedia Statistics},
  url          = {https://en.wikipedia.org/wiki/Wikipedia:Statistics}
}
