
@misc{SEO,
  author       = {Google},
  howpublished = {Internet},
  title        = {Guia de SEO de google},
  url          = {https://developers.google.com/search/docs/beginner/seo-starter-guide#glossary},
  year         = {2021}
}

@misc{ComparacionFrameworks,
  publisher = {npmtrends},
  title     = {Frameworks/ Grafico de comparaci√≥n entre frameworks},
  url       = {https://www.npmtrends.com/angular-vs-react-vs-vue}
}

@misc{Typescript,
  publisher = {Digital Ocean},
  title     = {Typescript Advantages},
  url       = {https://www.digitalocean.com/community/tutorials/typescript-typescript-benefits}
}

@book{NoauthorSoftwareNoDate,
  title = {Software Engineering for Modern Web Applications: Methodologies and Technologies},
  url   = {http://library.lol/main/6C9F1C7D56DBC94204163A0E836518C1}
}

@book{CleanArquitecture,
  author    = {Martin, R.C.},
  edition   = {},
  isbn      = {0134494326, 9780134494326},
  publisher = {Pearson Education},
  series    = {Robert C. Martin Series},
  title     = {Clean Architecture: A Craftsman's Guide to Software Structure and Design},
  url       = {http://gen.lib.rus.ec/book/index.php?md5=4443ee15eeb31720fcd1324d5652ede7},
  volume    = {},
  year      = {2017}
}


@online{OperaSVGCanvas,
  author       = {Sucan, Mihai},
  date         = {2010},
  organization = {Opera Software},
  title        = {SVG or Canvas, choosing between the two},
  url          = {https://dev.opera.com/articles/svg-or-canvas-choose/}
}

@online{WhatIsWiki,
  author       = {Cunningham, Ward},
  date         = {2002},
  organization = {Media Wiki},
  title        = {What is Wiki},
  url          = {https://web.archive.org/web/20080416212802/http://www.wiki.org/wiki.cgi?WhatIsWiki}
}

@online{RADJamesMartin,
  author       = {Martin, James},
  date         = {1991},
  organization = {IBM},
  title        = {Rapid Application Development},
  url          = {https://archive.org/details/rapidapplication00mart}
}

@online{HistoryFlowVisualizations,
  author       = {Martin W, Fernanda B, Kushal D},
  date         = {2004},
  organization = {IBM},
  title        = {Studying Cooperation and Conflict between Authors
                  with history flow Visualizations},
  url          = {http://alumni.media.mit.edu/~fviegas/papers/history_flow.pdf}
}

@online{UXFactors,
  author       = {Petter, Morville},
  date         = {2004},
  organization = {Semantic Studios},
  title        = {UX Factors},
  url          = {http://semanticstudios.com/user_experience_design/}
}

@online{MaterialDesignPrinciples,
  organization = {Google},
  title        = {Material Design Principles},
  url          = {https://material.io/design/introduction#principles}
}


