@misc{ComparacionFrameworks,
	title = {Frameworks/ {Grafico} de comparación entre frameworks},
	url = {https://www.npmtrends.com/angular-vs-react-vs-vue},
	publisher = {npmtrends},
}

@misc{typescript,
	title = {Typescript/{Advantages}},
	url = {https://www.digitalocean.com/community/tutorials/typescript-typescript-benefits},
	publisher = {Digital Ocean},
}

@book{noauthor_software_nodate,
	title = {Software {Engineering} for {Modern} {Web} {Applications}: {Methodologies} and {Technologies}},
	url = {http://library.lol/main/6C9F1C7D56DBC94204163A0E836518C1},
}

@book{book:{2119159},
   title =     {Clean Architecture: A Craftsman’s Guide to Software Structure and Design},
   author =    {Martin, R.C.},
   publisher = {Pearson Education},
   isbn =      {0134494326, 9780134494326},
   year =      {2017},
   series =    {Robert C. Martin Series},
   edition =   {},
   volume =    {},
   url =       {http://gen.lib.rus.ec/book/index.php?md5=4443ee15eeb31720fcd1324d5652ede7}}